02RETORNO01COBRANCA       620000134002        VITTA SERVICOS TECNOLOGICOS   341BANCO ITAU S.A.07121701600BPI00243081217                                                                                                                                                                                                                                                                                   000001
10219543285000135620000134002        1PSNKK49J9FYBBUF         00059997            109000599975             I04071217          00059997            07121700000002400003410288117000000000000000000000000000000000000000000000000000000000000000000000000000000000000000000000000000000000000000000000         00000000000000000000000NAW ALLY RISSO DE BRITO KRUGER                                        000002
10219543285000135620000134002        1PSNKNOXJ9HKTCVA         00060066            109000600666             I04071217          00060066            11121700000000106123412861317000000000000000000000000000000000000000000000000000000000000000000000000000000000000000000000000000000000000000000000         00000000000000000000000CENTRO MEDICO SALES PEREIRA                                           000003
10219543285000135620000134002        1PSNKNOXJ9HKTDA0         00060071            109000600716             I04071217          00060071            11121700000000163273412861317000000000000000000000000000000000000000000000000000000000000000000000000000000000000000000000000000000000000000000000         00000000000000000000000ORTOGIN SERVICOS MEDICOS LTDA                                         000004
10219543285000135620000134002        1PSNKNOXJ9HKTDFN         00060073            109000600732             I04071217          00060073            11121700000000163273412861317000000000000000000000000000000000000000000000000000000000000000000000000000000000000000000000000000000000000000000000         00000000000000000000000CEMAI - CENTRO INTEGRADO AMBUL                                        000005
10219543285000135620000134002        1PSNKNOXJ9HKTFZK         00060105            109000601052             I04071217          00060105            11121700000000078043412861317000000000000000000000000000000000000000000000000000000000000000000000000000000000000000000000000000000000000000000000         00000000000000000000000WILSON GOMES CORREA - CLINICA                                         000006
10219543285000135620000134002        1PSNKNOXJ9HKTPC6         00060202            109000602027             I04071217          00060202            08121700000000163273412861317000000000000000000000000000000000000000000000000000000000000000000000000000000000000000000000000000000000000000000000         00000000000000000000000ASSISTENCIA MEDICA GUIMARAES S                                        000007
10219543285000135620000134002        1HHS9NXMJASU5LS6         00061278            109000612786             I04071217          00061278            15121700000000897603411615417000000000000000000000000000000000000000000000000000000000000000000000000000000000000000000000000000000000000000000000         00000000000000000000000INSTITUTO NOSSA SENHORA DE LOU                                        000008
10219543285000135620000134002        4OT03F7JAV9SK11          00061553            109000615532             I02071217          00061553            13121700000000960003412861317000000000000000000000000000000000000000000000000000000000000000000000000000000000000000000000000000003170000000000000         00000000000000000000000ARRUDA`S SERVICOS MEDICOS LTDA                                        000009
10219543285000135620000134002        4BXS8A3FNJAVEK5FP        00061554            109000615540             I02071217          00061554            10121700000078845003412861317000000000000000000000000000000000000000000000000000000000000000000000000000000000000000000000000000260190000000000000         00000000000000000000000CENTRO DERMATOLOGICO DRA SILVI                                        000010
10219543285000135620000134002        1XMD2JJAWL95AV           00061555            109000615557             I02071217          00061555            20121700000001016603414293717000000000000000000000000000000000000000000000000000000000000000000000000000000000000000000000000000003350000000000000         00000000000000000000000CESAR RONALDO VIEIRA GOMES FIL                                        000011
10219543285000135620000134002        1XMD2JJAWLFQBD           00061556            109000615565             I02071217          00061556            20121700000000058003410361617000000000000000000000000000000000000000000000000000000000000000000000000000000000000000000000000000000190000000000000         00000000000000000000000ORTO ESTETICA EIRELI - ME                                             000012
10219543285000135620000134002        1XMH50JAWQFWIL           00061557            109000615573             I02071217          00061557            15121700000000299983412861317000000000000000000000000000000000000000000000000000000000000000000000000000000000000000000000000000000990000000000000         00000000000000000000000GEORGE MIGUEL GOES FREIRE                                             000013
10219543285000135620000134002        41BK803FJJAWTY7KS        00061558            109000615581             I02071217          00061558            14121700000003150003412861317000000000000000000000000000000000000000000000000000000000000000000000000000000000000000000000000000010400000000000000         00000000000000000000000CLINICA DE RADIONCOLOGIA DE S                                         000014
10219543285000135620000134002        41BK803FJJAWU6ZCS        00061559            109000615599             I02071217          00061559            15011800000000716503414792817000000000000000000000000000000000000000000000000000000000000000000000000000000000000000000000000000002360000000000000         00000000000000000000000INFUSIONOW CLINICA DE VACINACA                                        000015
10219543285000135620000134002        000591857                00059185            109000591857             I06071217          00059185            20101700000000158763418041617000000000020000000000000000000000000000000000000000000000000000000000000000000000000001591600000000002400000000000000   08121700000000000000000000000MILTON MAGUOLLO JUNIOR                                              CP000016
10219543285000135620000134002        1PSNKNOXJ9HKTT6P         00060241            109000602415             I06071217          00060241            20111700000000570042372016417000000000020000000000000000000000000000000000000000000000000000000000000000000000000006000000000000031960000000000000   08121700000000000000000000000CLINICA FEM (BIOMED)                                                B3000017
10219543285000135620000134002        1PSNKNOXJ9HKV32P         00060683            109000606838             I06071217          00060683            20111700000007304032372016417000000000020000000000000000000000000000000000000000000000000000000000000000000000000074764500000000174420000000000000   08121700000000000000000000000BIOMED SERVICOS MEDICOS S/C LT                                      B3000018
10219543285000135620000134002        C7JT81P4JAN3IRKO         00060986            109000609865             I06071217          00060986            07121700000000800002370536317000000000020000000000000000000000000000000000000000000000000000000000000000000000000007980000000000000000000000000000   08121700000000000000000000000CLIN SAUDE S S SJRIOPARDO                                           B3000019
10219543285000135620000134002        5DR03H3JASE71AO          00060994            109000609949             I06071217          00060994            11121700000003656000014890017000000000020000000000000000000000000000000000000000000000000000000000000000000000000036540000000000000000000000000000   08121700000000000000000000000FRANCISCO MACHADO MANHAES DE C                                      B2000020
10219543285000135620000134002        1HHS9NXMJASU3YVB         00061024            109000610244             I06071217          00061024            20121700000000154353418255217000000000020000000000000000000000000000000000000000000000000000000000000000000000000001523500000000000000000000000000   08121700000000000000000000000MEDICINA PREMIUM UROLOGIA E VA                                      Q0000021
10219543285000135620000134002        1HHS9NXMJASU442H         00061043            109000610434             I06071217          00061043            05121700000000117913410429117000000000020000000000000000000000000000000000000000000000000000000000000000000000000001166900000000000780000000000000   08121700000000000000000000000BMS - VIDEOCIRURGIA, CIRURGIA                                       CP000022
10219543285000135620000134002        1HHS9NXMJASU48BG         00061059            109000610590             I06071217          00061059            20121700000000235822372222817000000000020000000000000000000000000000000000000000000000000000000000000000000000000002338200000000000000000000000000   08121700000000000000000000000BATEL CONSULTORIOS MEDICOS                                          B3000023
10219543285000135620000134002        1HHS9NXMJASU49SA         00061068            109000610681             I06071217          00061068            20121700000000083650333632717000000000020000000000000000000000000000000000000000000000000000000000000000000000000000816500000000000000000000000000   08121700000000000000000000000BRUNETTI ORTOPEDIA LTDA                                             B1000024
10219543285000135620000134002        1HHS9NXMJASU4ATU         00061081            109000610814             I06071217          00061081            20121700000000158760331111417000000000020000000000000000000000000000000000000000000000000000000000000000000000000001567600000000000000000000000000   08121700000000000000000000000JOISE WOTTRICH                                                      B3000025
10219543285000135620000134002        1HHS9NXMJASU4DZ9         00061092            109000610921             I06071217          00061092            20121700000000113511040099217000000000020000000000000000000000000000000000000000000000000000000000000000000000000001115100000000000000000000000000   08121700000000000000000000000ANA CRISTINA M. DE GUIMARAES D                                      B3000026
10219543285000135620000134002        1HHS9NXMJASU4I0Q         00061105            109000611051             I06071217          00061105            20121700000000152320333975017000000000020000000000000000000000000000000000000000000000000000000000000000000000000001503200000000000000000000000000   08121700000000000000000000000CENTRO MEDICO INTEGRADO A SAUD                                      B2000027
10219543285000135620000134002        1HHS9NXMJASU4MYT         00061127            109000611275             I06071217          00061127            20121700000000193040010492917000000000020000000000000000000000000000000000000000000000000000000000000000000000000001910400000000000000000000000000   08121700000000000000000000000CENTRO OFTALMOLOGICO VALE DO R                                      B2000028
10219543285000135620000134002        1HHS9NXMJASU4QB3         00061140            109000611408             I06071217          00061140            20121700000000237493410211317000000000020000000000000000000000000000000000000000000000000000000000000000000000000002354900000000000000000000000000   08121700000000000000000000000STEFANELLI & NAVARRO CIRURGIA                                       CP000029
10219543285000135620000134002        1HHS9NXMJASU4U2O         00061166            109000611663             I06071217          00061166            20121700000000053320333956017000000000020000000000000000000000000000000000000000000000000000000000000000000000000000513200000000000000000000000000   08121700000000000000000000000ANDRESSA CRISTINA CARDOSO (INS                                      B3000030
10219543285000135620000134002        1HHS9NXMJASU4UEL         00061170            109000611705             I06071217          00061170            20121700000000052141040112317000000000020000000000000000000000000000000000000000000000000000000000000000000000000000501400000000000000000000000000   08121700000000000000000000000CAROLINE CARTAXO                                                    B2000031
10219543285000135620000134002        1HHS9NXMJASU4WPI         00061180            109000611804             I06071217          00061180            20121700000000058593413900817000000000020000000000000000000000000000000000000000000000000000000000000000000000000000565900000000000000000000000000   08121700000000000000000000000FABIANA FAGUNDES ALMEIDA SANTO                                      CP000032
10219543285000135620000134002        1HHS9NXMJASU51TP         00061193            109000611937             I06071217          00061193            20121700000000117302375697817000000000020000000000000000000000000000000000000000000000000000000000000000000000000001153000000000000000000000000000   08121700000000000000000000000CAROLINA FERRARI                                                    B3000033
10219543285000135620000134002        1HHS9NXMJASU5I0U         00061261            109000612612             I06071217          00061261            05121700000000086313411514917000000000020000000000000000000000000000000000000000000000000000000000000000000000000000848700000000000560000000000000   08121700000000000000000000000SAFIRA CLINICA INTEGRADA (BIOM                                      CP000034
10219543285000135620000134002        1HHS9NXMJASU5LS6         00061278            109000612786             I06071217          00061278            15121700000000897600011867117000000000020000000000000000000000000000000000000000000000000000000000000000000000000008956000000000000000000000000000   08121700000000000000000000000INSTITUTO NOSSA SENHORA DE LOU                                      B3000035
10219543285000135620000134002        1HHS9NXMJASU62YU         00061329            109000613297             I06071217          00061329            20121700000000170000333411617000000000020000000000000000000000000000000000000000000000000000000000000000000000000001680000000000000000000000000000   08121700000000000000000000000FLEITLICH BILYK GRAEFF M P E C                                      B3000036
10219543285000135620000134002        1HHS9NXMJASU6FX7         00061382            109000613826             I06071217          00061382            20121700000000508170330112317000000000020000000000000000000000000000000000000000000000000000000000000000000000000005061700000000000000000000000000   08121700000000000000000000000CLINICA DE DOR SAO PAULO LTDA                                       B3000037
10219543285000135620000134002        1HHS9NXMJASU6GV2         00061384            109000613842             I06071217          00061384            15121700000000170000331160117000000000020000000000000000000000000000000000000000000000000000000000000000000000000001680000000000000000000000000000   08121700000000000000000000000BRUNO DE FREITAS VALBON                                             B3000038
10219543285000135620000134002        1HHS9NXMJASU6OST         00061428            109000614287             I06071217          00061428            15121700000000510002373444717000000000020000000000000000000000000000000000000000000000000000000000000000000000000005080000000000000000000000000000   08121700000000000000000000000BELLADERM FACE E CORPO                                              B3000039
10219543285000135620000134002        1HHS9NXMJASU7MSF         00061490            109000614907             I06071217          00061490            10121700000001190007562462017000000000020000000000000000000000000000000000000000000000000000000000000000000000000011880000000000000000000000000000   08121700000000000000000000000GASTROIMAGEM SERVICOS MEDICOS                                       B1000040
10219543285000135620000134002        1HHS9NXMJASU7QXC         00061500            109000615003             I06071217          00061500            20121700000000148953410740117000000000020000000000000000000000000000000000000000000000000000000000000000000000000001469500000000000000000000000000   08121700000000000000000000000VIEIRA CLINIC`S                                                     CP000041
10219543285000135620000134002        1HHS9NXMJASU8C3C         00061533            109000615334             I06071217          00061533            15121700000000740000330386317000000000020000000000000000000000000000000000000000000000000000000000000000000000000007380000000000000000000000000000   08121700000000000000000000000ALSKOT SERVICOS MEDICOS LTDA                                        B2000042
10219543285000135620000134002        1PSNKK49J9FYBBUF         00059997            109000599975             I09071217          00059997            07121700000002400003417744617000000000020000000000000000000000000000000000000000000000000000000000000000000000000000020000000000000000000000000000         00000000000000000000000NAW ALLY RISSO DE BRITO KRUGER                                        000043
10219543285000135620000134002        1HHS9NXMJASU6OMQ         00061426            109000614261             I09071217          00061426            10121700000000500003417744617000000000020000000000000000000000000000000000000000000000000000000000000000000000000000020000000000000000000000000000         00000000000000000000000GEORGE MIGUEL GOES FREIRE                                             000044
10219543285000135620000134002        1HHS9NXMJASU6W8J         00061446            109000614469             I09071217          00061446            20121700000001045603417744617000000000020000000000000000000000000000000000000000000000000000000000000000000000000000020000000000000000000000000000         00000000000000000000000CESAR RONALDO VIEIRA GOMES FIL                                        000045
9201341          000000000000000000000000000000          000000000000000000000000000000                                                  000000000000000000000000000000          0000088400000091898170  08/12S002430000004400000011160131                                                                                                                                                                000046
